<record><leader>00000cas a22000007a 4500</leader><controlfield tag="001">18798522</controlfield><controlfield tag="008">881123d192919uupauer ne      0    0eng d</controlfield><datafield ind1=" " ind2=" " tag="010"><subfield code="a">sn 89077646 </subfield></datafield><datafield ind1=" " ind2=" " tag="040"><subfield code="a">NPH</subfield><subfield code="b">eng</subfield><subfield code="c">NPH</subfield><subfield code="d">OCLCQ</subfield></datafield><datafield ind1=" " ind2=" " tag="042"><subfield code="a">msc</subfield></datafield><datafield ind1="0" ind2=" " tag="130"><subfield code="a">Suburban news (Mount Penn, Pa.)</subfield></datafield><datafield ind1="1" ind2="0" tag="245"><subfield code="a">Suburban news.</subfield></datafield><datafield ind1=" " ind2=" " tag="260"><subfield code="a">Mt. Penn [Pa.] :</subfield><subfield code="b">Anderson Press,</subfield><subfield code="c">1929-</subfield></datafield><datafield ind1=" " ind2=" " tag="300"><subfield code="a">v. :</subfield><subfield code="b">ill. ;</subfield><subfield code="c">34-41 cm.</subfield></datafield><datafield ind1=" " ind2=" " tag="310"><subfield code="a">Biweekly</subfield></datafield><datafield ind1="0" ind2=" " tag="362"><subfield code="a">June 12, 1929-</subfield></datafield><datafield ind1=" " ind2=" " tag="500"><subfield code="a">Prospectus issued &lt;May 29, 1929&gt;.</subfield></datafield><datafield ind1=" " ind2=" " tag="500"><subfield code="a">"Published every two weeks on Wednesday to every home in Mt. Penn, Pennside, Reading Gardens, Sylvan Dell, Reiffton, Stony Creek and St. Lawrence."</subfield></datafield><datafield ind1=" " ind2=" " tag="752"><subfield code="a">United States</subfield><subfield code="b">Pennsylvania</subfield><subfield code="c">Berks</subfield><subfield code="d">Mount Penn.</subfield></datafield></record>